<record><leader>00000cas a2200000I  4500</leader><controlfield tag="001">8379524</controlfield><controlfield tag="008">820429d19211942vaumr n      s0   a0eng d</controlfield><datafield ind1=" " ind2=" " tag="010"><subfield code="a">sn 94060100 </subfield></datafield><datafield ind1=" " ind2=" " tag="040"><subfield code="a">VIC</subfield><subfield code="c">VIC</subfield><subfield code="d">NVK</subfield><subfield code="d">OCLCQ</subfield><subfield code="d">KRTAS</subfield><subfield code="d">VA@</subfield></datafield><datafield ind1=" " ind2=" " tag="019"><subfield code="a">236046396</subfield></datafield><datafield ind1=" " ind2=" " tag="043"><subfield code="a">n-us-va</subfield></datafield><datafield ind1=" " ind2=" " tag="090"><subfield code="a">HV8366</subfield><subfield code="b">.B2</subfield></datafield><datafield ind1="0" ind2=" " tag="130"><subfield code="a">Beacon (Richmond, Va.)</subfield></datafield><datafield ind1="1" ind2="4" tag="245"><subfield code="a">The Beacon.</subfield></datafield><datafield ind1=" " ind2=" " tag="260"><subfield code="a">[Richmond, Va.]</subfield></datafield><datafield ind1=" " ind2=" " tag="300"><subfield code="a">v.</subfield></datafield><datafield ind1=" " ind2=" " tag="310"><subfield code="a">Monthly (irregular,</subfield><subfield code="b">1921-25)</subfield></datafield><datafield ind1="0" ind2=" " tag="362"><subfield code="a">Vol. 1, no. 1 (Nov. 10, 1921)-</subfield></datafield><datafield ind1=" " ind2=" " tag="500"><subfield code="a">Began being published in periodical format in April 1926.</subfield></datafield><datafield ind1=" " ind2=" " tag="515"><subfield code="a">Several issues numbered in error; none published Apr. 1941.</subfield></datafield><datafield ind1=" " ind2=" " tag="550"><subfield code="a">"Published monthly by the inmates of the Virginia Penitentiary."</subfield></datafield><datafield ind1=" " ind2="0" tag="650"><subfield code="a">Prisons</subfield><subfield code="z">Virginia</subfield><subfield code="v">Newspapers.</subfield></datafield><datafield ind1=" " ind2="0" tag="651"><subfield code="a">Richmond (Va.)</subfield><subfield code="v">Newspapers.</subfield></datafield><datafield ind1="2" ind2="0" tag="610"><subfield code="a">Virginia Penitentiary.</subfield></datafield><datafield ind1=" " ind2=" " tag="752"><subfield code="a">United States</subfield><subfield code="b">Virginia</subfield><subfield code="d">Richmond.</subfield></datafield><datafield ind1="0" ind2="2" tag="785"><subfield code="t">Virginian</subfield></datafield><datafield ind1=" " ind2=" " tag="938"><subfield code="a">Kirtas Technologies, Inc.</subfield><subfield code="b">KRTS</subfield><subfield code="n">852610</subfield></datafield></record>